@article{DBLP:journals/cacm/NoyGJNPT19,
  author    = {Natalya Fridman Noy and
               Yuqing Gao and
               Anshu Jain and
               Anant Narayanan and
               Alan Patterson and
               Jamie Taylor},
  title     = {Industry-scale knowledge graphs: lessons and challenges},
  journal   = {Commun. {ACM}},
  volume    = {62},
  number    = {8},
  pages     = {36--43},
  year      = {2019},
  url       = {https://doi.org/10.1145/3331166},
  doi       = {10.1145/3331166},
  timestamp = {Fri, 02 Aug 2019 14:15:51 +0200},
  biburl    = {https://dblp.org/rec/bib/journals/cacm/NoyGJNPT19},
  bibsource = {dblp computer science bibliography, https://dblp.org}
}

@book{DBLP:series/irs/Balog18,
  author    = {Krisztian Balog},
  title     = {Entity-Oriented Search},
  series    = {The Information Retrieval Series},
  volume    = {39},
  publisher = {Springer},
  year      = {2018},
  url       = {https://doi.org/10.1007/978-3-319-93935-3},
  doi       = {10.1007/978-3-319-93935-3},
  isbn      = {978-3-319-93933-9},
  timestamp = {Wed, 14 Nov 2018 10:12:19 +0100},
  biburl    = {https://dblp.org/rec/bib/series/irs/Balog18},
  bibsource = {dblp computer science bibliography, https://dblp.org}
}

@inproceedings{DBLP:conf/wsdm/HuangZLL19,
  author    = {Xiao Huang and
               Jingyuan Zhang and
               Dingcheng Li and
               Ping Li},
  title     = {Knowledge Graph Embedding Based Question Answering},
  booktitle = {Proceedings of the Twelfth {ACM} International Conference on Web Search
               and Data Mining, {WSDM} 2019, Melbourne, VIC, Australia, February
               11-15, 2019},
  pages     = {105--113},
  year      = {2019},
  url       = {https://doi.org/10.1145/3289600.3290956},
  doi       = {10.1145/3289600.3290956},
  timestamp = {Tue, 21 May 2019 11:38:33 +0200},
  biburl    = {https://dblp.org/rec/bib/conf/wsdm/HuangZLL19},
  bibsource = {dblp computer science bibliography, https://dblp.org}
}

@inproceedings{DBLP:conf/emnlp/RajpurkarZLL16,
  author    = {Pranav Rajpurkar and
               Jian Zhang and
               Konstantin Lopyrev and
               Percy Liang},
  title     = {SQuAD: 100, 000+ Questions for Machine Comprehension of Text},
  booktitle = {Proceedings of the 2016 Conference on Empirical Methods in Natural
               Language Processing, {EMNLP} 2016, Austin, Texas, USA, November 1-4,
               2016},
  pages     = {2383--2392},
  year      = {2016},
  url       = {http://aclweb.org/anthology/D/D16/D16-1264.pdf},
  timestamp = {Mon, 19 Aug 2019 18:11:07 +0200},
  biburl    = {https://dblp.org/rec/bib/conf/emnlp/RajpurkarZLL16},
  bibsource = {dblp computer science bibliography, https://dblp.org}
}

@inproceedings{HoISWC2019,
  title        = {Qsearch: Answering Quantity Queries from Text},
  author       = {Vinh Thinh Ho and Yusra Ibrahim and Koninika Pal and Klaus Berberich and Gerhard Weikum},
  year         = 2019,
  booktitle    = {ISWC}
}
@inproceedings{DBLP:conf/acl/RajpurkarJL18,
  title        = {Know What You Don't Know: Unanswerable Questions for SQuAD},
  author       = {Pranav Rajpurkar and Robin Jia and Percy Liang},
  year         = 2018,
  booktitle    = {Proceedings of the 56th Annual Meeting of the Association for Computational Linguistics, {ACL} 2018, Melbourne, Australia, July 15-20, 2018, Volume 2: Short Papers},
  pages        = {784--789},
  url          = {https://aclanthology.info/papers/P18-2124/p18-2124},
  timestamp    = {Thu, 12 Jul 2018 14:22:48 +0200},
  biburl       = {https://dblp.org/rec/bib/conf/acl/RajpurkarJL18},
  bibsource    = {dblp computer science bibliography, https://dblp.org}
}
@inproceedings{DBLP:conf/sigir/AlonsoS18,
  title        = {Quantitative Information Extraction From Social Data},
  author       = {Omar Alonso and Thibault Sellam},
  year         = 2018,
  booktitle    = {The 41st International {ACM} {SIGIR} Conference on Research {\&} Development in Information Retrieval, {SIGIR} 2018, Ann Arbor, MI, USA, July 08-12, 2018},
  pages        = {1005--1008}
}
@inproceedings{DBLP:conf/acl/SahaPM17,
  title        = {Bootstrapping for Numerical Open {IE}},
  author       = {Swarnadeep Saha and Harinder Pal and Mausam},
  year         = 2017,
  booktitle    = {Proceedings of the 55th Annual Meeting of the Association for Computational Linguistics, {ACL} 2017, Vancouver, Canada, July 30 - August 4, Volume 2: Short Papers},
  pages        = {317--323}
}
@book{DBLP:series/synthesis/2016Strotgen,
  title        = {Domain-Sensitive Temporal Tagging},
  author       = {Jannik Str{\"{o}}tgen and Michael Gertz},
  year         = 2016,
  publisher    = {Morgan {\&} Claypool Publishers},
  series       = {Synthesis Lectures on Human Language Technologies},
  doi          = {10.2200/S00721ED1V01Y201606HLT036},
  url          = {https://doi.org/10.2200/S00721ED1V01Y201606HLT036},
  timestamp    = {Tue, 16 May 2017 14:24:20 +0200},
  biburl       = {https://dblp.org/rec/bib/series/synthesis/2016Strotgen},
  bibsource    = {dblp computer science bibliography, https://dblp.org}
}
@inproceedings{DBLP:conf/emnlp/JoshiSC14,
  title        = {Knowledge Graph and Corpus Driven Segmentation and Answer Inference for Telegraphic Entity-seeking Queries},
  author       = {Mandar Joshi and Uma Sawant and Soumen Chakrabarti},
  year         = 2014,
  booktitle    = {Proceedings of the 2014 Conference on Empirical Methods in Natural Language Processing, {EMNLP} 2014, October 25-29, 2014, Doha, Qatar, {A} meeting of SIGDAT, a Special Interest Group of the {ACL}},
  pages        = {1104--1114}
}
@inproceedings{DBLP:conf/emnlp/Yang0ZBCSM18,
  title        = {HotpotQA: {A} Dataset for Diverse, Explainable Multi-hop Question Answering},
  author       = {Zhilin Yang and Peng Qi and Saizheng Zhang and Yoshua Bengio and William W. Cohen and Ruslan Salakhutdinov and Christopher D. Manning},
  year         = 2018,
  booktitle    = {Proceedings of the 2018 Conference on Empirical Methods in Natural Language Processing, Brussels, Belgium, October 31 - November 4, 2018},
  pages        = {2369--2380}
}
@inproceedings{DBLP:conf/www/AbujabalRYW18,
  title        = {Never-Ending Learning for Open-Domain Question Answering over Knowledge Bases},
  author       = {Abdalghani Abujabal and Rishiraj Saha Roy and Mohamed Yahya and Gerhard Weikum},
  year         = 2018,
  booktitle    = {Proceedings of the 2018 World Wide Web Conference on World Wide Web, {WWW} 2018, Lyon, France, April 23-27, 2018},
  pages        = {1053--1062}
}
@article{DBLP:journals/pvldb/ZhengYZC18,
  title        = {Question Answering Over Knowledge Graphs: Question Understanding Via Template Decomposition},
  author       = {Weiguo Zheng and Jeffrey Xu Yu and Lei Zou and Hong Cheng},
  year         = 2018,
  journal      = {{PVLDB}},
  volume       = 11,
  number       = 11,
  pages        = {1373--1386},
  doi          = {10.14778/3236187.3236192},
  url          = {http://www.vldb.org/pvldb/vol11/p1373-zheng.pdf},
  timestamp    = {Fri, 30 Nov 2018 11:58:40 +0100},
  biburl       = {https://dblp.org/rec/bib/journals/pvldb/ZhengYZC18},
  bibsource    = {dblp computer science bibliography, https://dblp.org}
}
@inproceedings{DBLP:conf/acl/XuRFHZ16,
  title        = {Question Answering on Freebase via Relation Extraction and Textual Evidence},
  author       = {Kun Xu and Siva Reddy and Yansong Feng and Songfang Huang and Dongyan Zhao},
  year         = 2016,
  booktitle    = {Proceedings of the 54th Annual Meeting of the Association for Computational Linguistics, {ACL} 2016, August 7-12, 2016, Berlin, Germany, Volume 1: Long Papers}
}
@inproceedings{DBLP:conf/acl/YihCHG15,
  title        = {Semantic Parsing via Staged Query Graph Generation: Question Answering with Knowledge Base},
  author       = {Wen{-}tau Yih and Ming{-}Wei Chang and Xiaodong He and Jianfeng Gao},
  year         = 2015,
  booktitle    = {Proceedings of the 53rd Annual Meeting of the Association for Computational Linguistics and the 7th International Joint Conference on Natural Language Processing of the Asian Federation of Natural Language Processing, {ACL} 2015, July 26-31, 2015, Beijing, China, Volume 1: Long Papers},
  pages        = {1321--1331}
}
@inproceedings{DBLP:conf/cikm/BastH15,
  title        = {More Accurate Question Answering on Freebase},
  author       = {Hannah Bast and Elmar Haussmann},
  year         = 2015,
  booktitle    = {Proceedings of the 24th {ACM} International Conference on Information and Knowledge Management, {CIKM} 2015, Melbourne, VIC, Australia, October 19 - 23, 2015},
  pages        = {1431--1440}
}
@article{DBLP:journals/kais/DiefenbachLSM18,
  title        = {Core techniques of question answering systems over knowledge bases: a survey},
  author       = {Dennis Diefenbach and Vanessa L{\'{o}}pez and Kamal Deep Singh and Pierre Maret},
  year         = 2018,
  journal      = {Knowl. Inf. Syst.},
  volume       = 55,
  number       = 3,
  pages        = {529--569},
  doi          = {10.1007/s10115-017-1100-y},
  url          = {https://doi.org/10.1007/s10115-017-1100-y},
  timestamp    = {Wed, 14 Nov 2018 10:42:07 +0100},
  biburl       = {https://dblp.org/rec/bib/journals/kais/DiefenbachLSM18},
  bibsource    = {dblp computer science bibliography, https://dblp.org}
}
@article{DBLP:journals/semweb/UsbeckRHCHNDU19,
  title        = {Benchmarking question answering systems},
  author       = {Ricardo Usbeck and Michael R{\"{o}}der and Michael Hoffmann and Felix Conrads and Jonathan Huthmann and Axel{-}Cyrille Ngonga Ngomo and Christian Demmler and Christina Unger},
  year         = 2019,
  journal      = {Semantic Web},
  volume       = 10,
  number       = 2,
  pages        = {293--304},
  doi          = {10.3233/SW-180312},
  url          = {https://doi.org/10.3233/SW-180312},
  timestamp    = {Sat, 09 Feb 2019 14:41:15 +0100},
  biburl       = {https://dblp.org/rec/bib/journals/semweb/UsbeckRHCHNDU19},
  bibsource    = {dblp computer science bibliography, https://dblp.org}
}
@inproceedings{DBLP:conf/semweb/UsbeckGN018,
  title        = {9th Challenge on Question Answering over Linked Data {(QALD-9)} (invited paper)},
  author       = {Ricardo Usbeck and Ria Hari Gusmita and Axel{-}Cyrille Ngonga Ngomo and Muhammad Saleem},
  year         = 2018,
  booktitle    = {Joint proceedings of the 4th Workshop on Semantic Deep Learning (SemDeep-4) and NLIWoD4: Natural Language Interfaces for the Web of Data {(NLIWOD-4)} and 9th Question Answering over Linked Data challenge {(QALD-9)} co-located with 17th International Semantic Web Conference {(ISWC} 2018), Monterey, California, United States of America, October 8th - 9th, 2018.},
  pages        = {58--64},
  url          = {http://ceur-ws.org/Vol-2241/paper-06.pdf},
  timestamp    = {Mon, 05 Nov 2018 12:26:53 +0100},
  biburl       = {https://dblp.org/rec/bib/conf/semweb/UsbeckGN018},
  bibsource    = {dblp computer science bibliography, https://dblp.org}
}
@article{DBLP:journals/semweb/NgomoU17,
  title        = {Special issue on question answering for Linked Data},
  author       = {Axel{-}Cyrille Ngonga Ngomo and Christina Unger},
  year         = 2017,
  journal      = {Semantic Web},
  volume       = 8,
  number       = 4,
  pages        = {509--510},
  doi          = {10.3233/SW-170255},
  url          = {https://doi.org/10.3233/SW-170255},
  timestamp    = {Sat, 20 May 2017 00:22:18 +0200},
  biburl       = {https://dblp.org/rec/bib/journals/semweb/NgomoU17},
  bibsource    = {dblp computer science bibliography, https://dblp.org}
}
@inproceedings{DBLP:conf/rweb/UngerFC14,
  title        = {An Introduction to Question Answering over Linked Data},
  author       = {Christina Unger and Andr{\'{e}} Freitas and Philipp Cimiano},
  year         = 2014,
  booktitle    = {Reasoning Web. Reasoning on the Web in the Big Data Era - 10th International Summer School 2014, Athens, Greece, September 8-13, 2014. Proceedings},
  pages        = {100--140}
}
@inproceedings{DBLP:conf/acl/GardnerC18,
  title        = {Simple and Effective Multi-Paragraph Reading Comprehension},
  author       = {Christopher Clark and Matt Gardner},
  year         = 2018,
  booktitle    = {Proceedings of the 56th Annual Meeting of the Association for Computational Linguistics, {ACL} 2018, Melbourne, Australia, July 15-20, 2018, Volume 1: Long Papers},
  pages        = {845--855}
}
@inproceedings{DBLP:conf/acl/ChenFWB17,
  title        = {Reading Wikipedia to Answer Open-Domain Questions},
  author       = {Danqi Chen and Adam Fisch and Jason Weston and Antoine Bordes},
  year         = 2017,
  booktitle    = {Proceedings of the 55th Annual Meeting of the Association for Computational Linguistics, {ACL} 2017, Vancouver, Canada, July 30 - August 4, Volume 1: Long Papers},
  pages        = {1870--1879}
}
@inproceedings{Ibrahim:ICDE2019,
  title        = {Bridging Quantities in Tables and Text},
  author       = {Yusra Ibrahim and Mirek Riedewald and Gerhard Weikum and Demetrios Zeinalipour Yazti},
  year         = 2019,
  booktitle    = {Proceedings of the 35th IEEE International Conference on Data Engineering (ICDE 2019)}
}
@inproceedings{DBLP:conf/sigir/BanerjeeCR09,
  title        = {Learning to rank for quantity consensus queries},
  author       = {Somnath Banerjee and Soumen Chakrabarti and Ganesh Ramakrishnan},
  year         = 2009,
  booktitle    = {Proceedings of the 32nd Annual International {ACM} {SIGIR} Conference on Research and Development in Information Retrieval, {SIGIR} 2009, Boston, MA, USA, July 19-23, 2009},
  pages        = {243--250},
  doi          = {10.1145/1571941.1571985},
  url          = {https://doi.org/10.1145/1571941.1571985},
  timestamp    = {Wed, 14 Nov 2018 10:58:10 +0100},
  biburl       = {https://dblp.org/rec/bib/conf/sigir/BanerjeeCR09},
  bibsource    = {dblp computer science bibliography, https://dblp.org}
}
@inproceedings{DBLP:conf/sigmod/ZhangC13,
  title        = {InfoGather+: semantic matching and annotation of numeric and time-varying attributes in web tables},
  author       = {Meihui Zhang and Kaushik Chakrabarti},
  year         = 2013,
  booktitle    = {Proceedings of the {ACM} {SIGMOD} International Conference on Management of Data, {SIGMOD} 2013, New York, NY, USA, June 22-27, 2013},
  pages        = {145--156},
  doi          = {10.1145/2463676.2465276},
  url          = {https://doi.org/10.1145/2463676.2465276},
  timestamp    = {Tue, 06 Nov 2018 11:07:38 +0100},
  biburl       = {https://dblp.org/rec/bib/conf/sigmod/ZhangC13},
  bibsource    = {dblp computer science bibliography, https://dblp.org}
}
@inproceedings{DBLP:conf/cikm/IbrahimRW16,
  title        = {Making Sense of Entities and Quantities in Web Tables},
  author       = {Yusra Ibrahim and Mirek Riedewald and Gerhard Weikum},
  year         = 2016,
  booktitle    = {Proceedings of the 25th {ACM} International Conference on Information and Knowledge Management, {CIKM} 2016, Indianapolis, IN, USA, October 24-28, 2016},
  pages        = {1703--1712},
  doi          = {10.1145/2983323.2983772},
  url          = {https://doi.org/10.1145/2983323.2983772},
  timestamp    = {Wed, 14 Nov 2018 11:00:19 +0100},
  biburl       = {https://dblp.org/rec/bib/conf/cikm/IbrahimRW16},
  bibsource    = {dblp computer science bibliography, https://dblp.org}
}
@inproceedings{DBLP:conf/www/ErnstSW18,
  title        = {HighLife: Higher-arity Fact Harvesting},
  author       = {Patrick Ernst and Amy Siu and Gerhard Weikum},
  year         = 2018,
  booktitle    = {Proceedings of the 2018 World Wide Web Conference on World Wide Web, {WWW} 2018, Lyon, France, April 23-27, 2018},
  pages        = {1013--1022},
  doi          = {10.1145/3178876.3186000},
  url          = {https://doi.org/10.1145/3178876.3186000},
  timestamp    = {Wed, 21 Nov 2018 12:44:11 +0100},
  biburl       = {https://dblp.org/rec/bib/conf/www/ErnstSW18},
  bibsource    = {dblp computer science bibliography, https://dblp.org}
}
@article{DBLP:journals/jd/Robertson04,
  title        = {Understanding inverse document frequency: on theoretical arguments for {IDF}},
  author       = {Stephen Robertson},
  year         = 2004,
  journal      = {Journal of Documentation},
  volume       = 60,
  number       = 5,
  pages        = {503--520},
  doi          = {10.1108/00220410410560582},
  url          = {https://doi.org/10.1108/00220410410560582},
  timestamp    = {Wed, 14 Nov 2018 10:48:07 +0100},
  biburl       = {https://dblp.org/rec/bib/journals/jd/Robertson04},
  bibsource    = {dblp computer science bibliography, https://dblp.org}
}
@article{Miller:1995:WLD:219717.219748,
  title        = {WordNet: A Lexical Database for English},
  author       = {Miller, George A.},
  year         = 1995,
  month        = nov,
  journal      = {Commun. ACM},
  publisher    = {ACM},
  address      = {New York, NY, USA},
  volume       = 38,
  number       = 11,
  pages        = {39--41},
  doi          = {10.1145/219717.219748},
  issn         = {0001-0782},
  url          = {http://doi.acm.org/10.1145/219717.219748},
  issue_date   = {Nov. 1995},
  numpages     = 3,
  acmid        = 219748
}
@inproceedings{DBLP:conf/sigir/HoffartMW14,
  title        = {{STICS:} searching with strings, things, and cats},
  author       = {Johannes Hoffart and Dragan Milchevski and Gerhard Weikum},
  year         = 2014,
  booktitle    = {The 37th International {ACM} {SIGIR} Conference on Research and Development in Information Retrieval, {SIGIR} '14, Gold Coast , QLD, Australia - July 06 - 11, 2014},
  pages        = {1247--1248},
  doi          = {10.1145/2600428.2611177},
  url          = {https://doi.org/10.1145/2600428.2611177},
  timestamp    = {Tue, 06 Nov 2018 11:07:24 +0100},
  biburl       = {https://dblp.org/rec/bib/conf/sigir/HoffartMW14},
  bibsource    = {dblp computer science bibliography, https://dblp.org}
}
@inproceedings{DBLP:conf/ijcai/Mausam16,
  title        = {Open Information Extraction Systems and Downstream Applications},
  author       = {Mausam},
  year         = 2016,
  booktitle    = {Proceedings of the Twenty-Fifth International Joint Conference on Artificial Intelligence, {IJCAI} 2016, New York, NY, USA, 9-15 July 2016},
  pages        = {4074--4077},
  url          = {http://www.ijcai.org/Abstract/16/604},
  timestamp    = {Fri, 15 Jul 2016 15:58:28 +0200},
  biburl       = {https://dblp.org/rec/bib/conf/ijcai/Mausam16},
  bibsource    = {dblp computer science bibliography, https://dblp.org}
}
@inproceedings{DBLP:conf/emnlp/HoffartYBFPSTTW11,
  title        = {Robust Disambiguation of Named Entities in Text},
  author       = {Johannes Hoffart and Mohamed Amir Yosef and Ilaria Bordino and Hagen F{\"{u}}rstenau and Manfred Pinkal and Marc Spaniol and Bilyana Taneva and Stefan Thater and Gerhard Weikum},
  year         = 2011,
  booktitle    = {Proceedings of the 2011 Conference on Empirical Methods in Natural Language Processing, {EMNLP} 2011, 27-31 July 2011, John McIntyre Conference Centre, Edinburgh, UK, {A} meeting of SIGDAT, a Special Interest Group of the {ACL}},
  pages        = {782--792},
  url          = {http://www.aclweb.org/anthology/D11-1072},
  timestamp    = {Mon, 21 Nov 2011 13:29:41 +0100},
  biburl       = {https://dblp.org/rec/bib/conf/emnlp/HoffartYBFPSTTW11},
  bibsource    = {dblp computer science bibliography, https://dblp.org}
}
@inproceedings{DBLP:conf/www/SuchanekKW07,
  title        = {Yago: a core of semantic knowledge},
  author       = {Fabian M. Suchanek and Gjergji Kasneci and Gerhard Weikum},
  year         = 2007,
  booktitle    = {Proceedings of the 16th International Conference on World Wide Web, {WWW} 2007, Banff, Alberta, Canada, May 8-12, 2007},
  pages        = {697--706},
  doi          = {10.1145/1242572.1242667},
  url          = {https://doi.org/10.1145/1242572.1242667},
  timestamp    = {Wed, 14 Nov 2018 10:55:41 +0100},
  biburl       = {https://dblp.org/rec/bib/conf/www/SuchanekKW07},
  bibsource    = {dblp computer science bibliography, https://dblp.org}
}
@article{rdf,
  title        = {Resource Description Framework ({RDF}) Model and Syntax Specification},
  author       = {Ora Lassila and Ralph R. Swick},
  year         = 1999,
  booktitle    = {W3C Recommendation}
}
@inproceedings{DBLP:conf/acl-vlc/RamshawM95,
  title        = {Text Chunking using Transformation-Based Learning},
  author       = {Lance A. Ramshaw and Mitch Marcus},
  year         = 1995,
  booktitle    = {Third Workshop on Very Large Corpora, VLC@ACL 1995, Cambridge, Massachusetts, USA, June 30, 1995},
  url          = {https://aclanthology.info/papers/W95-0107/w95-0107},
  timestamp    = {Mon, 29 Jan 2018 15:00:57 +0100},
  biburl       = {https://dblp.org/rec/bib/conf/acl-vlc/RamshawM95},
  bibsource    = {dblp computer science bibliography, https://dblp.org}
}
@inproceedings{DBLP:conf/cikm/ZhaiL01,
  title        = {Model-based Feedback in the Language Modeling Approach to Information Retrieval},
  author       = {ChengXiang Zhai and John D. Lafferty},
  year         = 2001,
  booktitle    = {Proceedings of the 2001 {ACM} {CIKM} International Conference on Information and Knowledge Management, Atlanta, Georgia, USA, November 5-10, 2001},
  pages        = {403--410},
  doi          = {10.1145/502585.502654},
  timestamp    = {Wed, 28 Nov 2018 12:57:14 +0100},
  biburl       = {https://dblp.org/rec/bib/conf/cikm/ZhaiL01},
  bibsource    = {dblp computer science bibliography, https://dblp.org}
}
@inproceedings{DBLP:conf/acl/HeLLZ17a,
  title        = {Deep Semantic Role Labeling: What Works and What's Next},
  author       = {Luheng He and Kenton Lee and Mike Lewis and Luke Zettlemoyer},
  year         = 2017,
  booktitle    = {Proceedings of the 55th Annual Meeting of the Association for Computational Linguistics, {ACL} 2017, Vancouver, Canada, July 30 - August 4, Volume 1: Long Papers},
  pages        = {473--483},
  doi          = {10.18653/v1/P17-1044},
  url          = {https://doi.org/10.18653/v1/P17-1044},
  timestamp    = {Fri, 04 Aug 2017 16:38:24 +0200},
  biburl       = {https://dblp.org/rec/bib/conf/acl/HeLLZ17a},
  bibsource    = {dblp computer science bibliography, https://dblp.org}
}
@article{DBLP:journals/tacl/RoyVR15,
  title        = {Reasoning about Quantities in Natural Language},
  author       = {Subhro Roy and Tim Vieira and Dan Roth},
  year         = 2015,
  journal      = {{TACL}},
  volume       = 3,
  pages        = {1--13},
  url          = {https://tacl2013.cs.columbia.edu/ojs/index.php/tacl/article/view/452},
  timestamp    = {Thu, 28 May 2015 10:59:41 +0200},
  biburl       = {https://dblp.org/rec/bib/journals/tacl/RoyVR15},
  bibsource    = {dblp computer science bibliography, https://dblp.org}
}
@article{DBLP:journals/coling/PalmerKG05,
  title        = {The Proposition Bank: An Annotated Corpus of Semantic Roles},
  author       = {Martha Palmer and Paul Kingsbury and Daniel Gildea},
  year         = 2005,
  journal      = {Computational Linguistics},
  volume       = 31,
  number       = 1,
  pages        = {71--106},
  doi          = {10.1162/0891201053630264},
  url          = {https://doi.org/10.1162/0891201053630264},
  timestamp    = {Sun, 28 May 2017 13:24:51 +0200},
  biburl       = {https://dblp.org/rec/bib/journals/coling/PalmerKG05},
  bibsource    = {dblp computer science bibliography, https://dblp.org}
}
@article{DBLP:journals/lre/Baker12,
  title        = {FrameNet, current collaborations and future goals},
  author       = {Collin F. Baker},
  year         = 2012,
  journal      = {Language Resources and Evaluation},
  volume       = 46,
  number       = 2,
  pages        = {269--286},
  doi          = {10.1007/s10579-012-9191-2},
  url          = {https://doi.org/10.1007/s10579-012-9191-2},
  timestamp    = {Sat, 20 May 2017 00:24:46 +0200},
  biburl       = {https://dblp.org/rec/bib/journals/lre/Baker12},
  bibsource    = {dblp computer science bibliography, https://dblp.org}
}
@inproceedings{DBLP:conf/acl/ZhouX15,
  title        = {End-to-end learning of semantic role labeling using recurrent neural networks},
  author       = {Jie Zhou and Wei Xu},
  year         = 2015,
  booktitle    = {Proceedings of the 53rd Annual Meeting of the Association for Computational Linguistics and the 7th International Joint Conference on Natural Language Processing of the Asian Federation of Natural Language Processing, {ACL} 2015, July 26-31, 2015, Beijing, China, Volume 1: Long Papers},
  pages        = {1127--1137},
  url          = {http://aclweb.org/anthology/P/P15/P15-1109.pdf},
  timestamp    = {Sun, 02 Aug 2015 19:26:07 +0200},
  biburl       = {https://dblp.org/rec/bib/conf/acl/ZhouX15},
  bibsource    = {dblp computer science bibliography, https://dblp.org}
}
@article{DBLP:journals/coling/GildeaJ02,
  title        = {Automatic Labeling of Semantic Roles},
  author       = {Daniel Gildea and Daniel Jurafsky},
  year         = 2002,
  journal      = {Computational Linguistics},
  volume       = 28,
  number       = 3,
  pages        = {245--288},
  doi          = {10.1162/089120102760275983},
  url          = {https://doi.org/10.1162/089120102760275983},
  timestamp    = {Sun, 28 May 2017 13:24:51 +0200},
  biburl       = {https://dblp.org/rec/bib/journals/coling/GildeaJ02},
  bibsource    = {dblp computer science bibliography, https://dblp.org}
}
@inproceedings{DBLP:conf/emnlp/FitzGeraldTG015,
  title        = {Semantic Role Labeling with Neural Network Factors},
  author       = {Nicholas FitzGerald and Oscar T{\"{a}}ckstr{\"{o}}m and Kuzman Ganchev and Dipanjan Das},
  year         = 2015,
  booktitle    = {Proceedings of the 2015 Conference on Empirical Methods in Natural Language Processing, {EMNLP} 2015, Lisbon, Portugal, September 17-21, 2015},
  pages        = {960--970},
  url          = {http://aclweb.org/anthology/D/D15/D15-1112.pdf},
  timestamp    = {Wed, 14 Oct 2015 09:56:24 +0200},
  biburl       = {https://dblp.org/rec/bib/conf/emnlp/FitzGeraldTG015},
  bibsource    = {dblp computer science bibliography, https://dblp.org}
}
@inproceedings{DBLP:conf/coling/LiuG10,
  title        = {Semantic Role Features for Machine Translation},
  author       = {Ding Liu and Daniel Gildea},
  year         = 2010,
  booktitle    = {{COLING} 2010, 23rd International Conference on Computational Linguistics, Proceedings of the Conference, 23-27 August 2010, Beijing, China},
  pages        = {716--724},
  url          = {http://aclweb.org/anthology/C10-1081},
  timestamp    = {Mon, 04 Mar 2013 20:57:24 +0100},
  biburl       = {https://dblp.org/rec/bib/conf/coling/LiuG10},
  bibsource    = {dblp computer science bibliography, https://dblp.org}
}
@inproceedings{DBLP:conf/emnlp/ShenL07,
  title        = {Using Semantic Roles to Improve Question Answering},
  author       = {Dan Shen and Mirella Lapata},
  year         = 2007,
  booktitle    = {EMNLP-CoNLL 2007, Proceedings of the 2007 Joint Conference on Empirical Methods in Natural Language Processing and Computational Natural Language Learning, June 28-30, 2007, Prague, Czech Republic},
  pages        = {12--21},
  url          = {http://www.aclweb.org/anthology/D07-1002},
  timestamp    = {Thu, 22 Jan 2015 16:51:46 +0100},
  biburl       = {https://dblp.org/rec/bib/conf/emnlp/ShenL07},
  bibsource    = {dblp computer science bibliography, https://dblp.org}
}
@article{DBLP:journals/coling/SurdeanuCZ11,
  title        = {Learning to Rank Answers to Non-Factoid Questions from Web Collections},
  author       = {Mihai Surdeanu and Massimiliano Ciaramita and Hugo Zaragoza},
  year         = 2011,
  journal      = {Computational Linguistics},
  volume       = 37,
  number       = 2,
  pages        = {351--383},
  doi          = {10.1162/COLI\_a\_00051},
  url          = {https://doi.org/10.1162/COLI\_a\_00051},
  timestamp    = {Sun, 28 May 2017 13:24:51 +0200},
  biburl       = {https://dblp.org/rec/bib/journals/coling/SurdeanuCZ11},
  bibsource    = {dblp computer science bibliography, https://dblp.org}
}
@inproceedings{DBLP:conf/naacl/StanovskyMZD18,
  title        = {Supervised Open Information Extraction},
  author       = {Gabriel Stanovsky and Julian Michael and Luke Zettlemoyer and Ido Dagan},
  year         = 2018,
  booktitle    = {Proceedings of the 2018 Conference of the North American Chapter of the Association for Computational Linguistics: Human Language Technologies, {NAACL-HLT} 2018, New Orleans, Louisiana, USA, June 1-6, 2018, Volume 1 (Long Papers)},
  pages        = {885--895},
  url          = {https://aclanthology.info/papers/N18-1081/n18-1081},
  timestamp    = {Wed, 30 May 2018 15:04:59 +0200},
  biburl       = {https://dblp.org/rec/bib/conf/naacl/StanovskyMZD18},
  bibsource    = {dblp computer science bibliography, https://dblp.org}
}
@inproceedings{DBLP:conf/kcap/ChristensenMSE11,
  title        = {An analysis of open information extraction based on semantic role labeling},
  author       = {Janara Christensen and Mausam and Stephen Soderland and Oren Etzioni},
  year         = 2011,
  booktitle    = {Proceedings of the 6th International Conference on Knowledge Capture {(K-CAP} 2011), June 26-29, 2011, Banff, Alberta, Canada},
  pages        = {113--120},
  doi          = {10.1145/1999676.1999697},
  url          = {https://doi.org/10.1145/1999676.1999697},
  timestamp    = {Tue, 06 Nov 2018 16:58:28 +0100},
  biburl       = {https://dblp.org/rec/bib/conf/kcap/ChristensenMSE11},
  bibsource    = {dblp computer science bibliography, https://dblp.org}
}
@inproceedings{DBLP:conf/conll/KoomenPRY05,
  title        = {Generalized Inference with Multiple Semantic Role Labeling Systems},
  author       = {Peter Koomen and Vasin Punyakanok and Dan Roth and Wen{-}tau Yih},
  year         = 2005,
  booktitle    = {Proceedings of the Ninth Conference on Computational Natural Language Learning, CoNLL 2005, Ann Arbor, Michigan, USA, June 29-30, 2005},
  pages        = {181--184},
  url          = {http://aclweb.org/anthology/W/W05/W05-0625.pdf},
  timestamp    = {Fri, 23 Jan 2015 14:20:30 +0100},
  biburl       = {https://dblp.org/rec/bib/conf/conll/KoomenPRY05},
  bibsource    = {dblp computer science bibliography, https://dblp.org}
}
@inproceedings{Lamm2018QSRLA,
  title        = {QSRL : A Semantic Role-Labeling Schema for Quantitative Facts},
  author       = {Matthew Lamm and Arun Tejasvi Chaganty and Daniel Jurafsky and Christopher D. Manning and Percy S. Liang},
  year         = 2018
}
@inproceedings{DBLP:conf/aaai/MadaanMMRS16,
  title        = {Numerical Relation Extraction with Minimal Supervision},
  author       = {Aman Madaan and Ashish Mittal and Mausam and Ganesh Ramakrishnan and Sunita Sarawagi},
  year         = 2016,
  booktitle    = {Proceedings of the Thirtieth {AAAI} Conference on Artificial Intelligence, February 12-17, 2016, Phoenix, Arizona, {USA.}},
  pages        = {2764--2771},
  url          = {http://www.aaai.org/ocs/index.php/AAAI/AAAI16/paper/view/12486},
  timestamp    = {Wed, 05 Apr 2017 12:53:50 +0200},
  biburl       = {https://dblp.org/rec/bib/conf/aaai/MadaanMMRS16},
  bibsource    = {dblp computer science bibliography, https://dblp.org}
}
@inproceedings{DBLP:conf/ecctd/Sanchez-Azqueta17,
  title        = {Design of a low-power quadrature {LC-VCO} in 65 nm {CMOS}},
  author       = {Carlos S{\'{a}}nchez{-}Azqueta and Javier Aguirre and Guillermo Royo and Francisco Aznar and E. Guerrero and Santiago Celma},
  year         = 2017,
  booktitle    = {2017 European Conference on Circuit Theory and Design, {ECCTD} 2017, Catania, Italy, September 4-6, 2017},
  pages        = {1--4},
  doi          = {10.1109/ECCTD.2017.8093330},
  url          = {https://doi.org/10.1109/ECCTD.2017.8093330},
  timestamp    = {Wed, 07 Mar 2018 11:54:52 +0100},
  biburl       = {https://dblp.org/rec/bib/conf/ecctd/Sanchez-Azqueta17},
  bibsource    = {dblp computer science bibliography, https://dblp.org}
}
@inproceedings{DBLP:conf/esws/UngerNC16,
  title        = {6th Open Challenge on Question Answering over Linked Data {(QALD-6)}},
  author       = {Christina Unger and Axel{-}Cyrille Ngonga Ngomo and Elena Cabrio},
  year         = 2016,
  booktitle    = {Semantic Web Challenges - Third SemWebEval Challenge at {ESWC} 2016, Heraklion, Crete, Greece, May 29 - June 2, 2016, Revised Selected Papers},
  pages        = {171--177},
  doi          = {10.1007/978-3-319-46565-4\_13},
  url          = {https://doi.org/10.1007/978-3-319-46565-4\_13},
  timestamp    = {Wed, 24 May 2017 08:29:36 +0200},
  biburl       = {https://dblp.org/rec/bib/conf/esws/UngerNC16},
  bibsource    = {dblp computer science bibliography, https://dblp.org}
}
@inproceedings{DBLP:conf/coling/BaoDYZZ16,
  title        = {Constraint-Based Question Answering with Knowledge Graph},
  author       = {Jun{-}Wei Bao and Nan Duan and Zhao Yan and Ming Zhou and Tiejun Zhao},
  year         = 2016,
  booktitle    = {{COLING} 2016, 26th International Conference on Computational Linguistics, Proceedings of the Conference: Technical Papers, December 11-16, 2016, Osaka, Japan},
  pages        = {2503--2514},
  url          = {http://aclweb.org/anthology/C/C16/C16-1236.pdf},
  timestamp    = {Tue, 16 Jan 2018 17:41:35 +0100},
  biburl       = {https://dblp.org/rec/bib/conf/coling/BaoDYZZ16},
  bibsource    = {dblp computer science bibliography, https://dblp.org}
}
@inproceedings{DBLP:conf/emnlp/YangYM15,
  title        = {WikiQA: {A} Challenge Dataset for Open-Domain Question Answering},
  author       = {Yi Yang and Wen{-}tau Yih and Christopher Meek},
  year         = 2015,
  booktitle    = {Proceedings of the 2015 Conference on Empirical Methods in Natural Language Processing, {EMNLP} 2015, Lisbon, Portugal, September 17-21, 2015},
  pages        = {2013--2018},
  url          = {http://aclweb.org/anthology/D/D15/D15-1237.pdf},
  timestamp    = {Wed, 14 Oct 2015 09:56:24 +0200},
  biburl       = {https://dblp.org/rec/bib/conf/emnlp/YangYM15},
  bibsource    = {dblp computer science bibliography, https://dblp.org}
}
@inproceedings{DBLP:conf/acl/WangN15,
  title        = {A Long Short-Term Memory Model for Answer Sentence Selection in Question Answering},
  author       = {Di Wang and Eric Nyberg},
  year         = 2015,
  booktitle    = {Proceedings of the 53rd Annual Meeting of the Association for Computational Linguistics and the 7th International Joint Conference on Natural Language Processing of the Asian Federation of Natural Language Processing, {ACL} 2015, July 26-31, 2015, Beijing, China, Volume 2: Short Papers},
  pages        = {707--712},
  url          = {http://aclweb.org/anthology/P/P15/P15-2116.pdf},
  timestamp    = {Sun, 02 Aug 2015 19:49:03 +0200},
  biburl       = {https://dblp.org/rec/bib/conf/acl/WangN15},
  bibsource    = {dblp computer science bibliography, https://dblp.org}
}
@inproceedings{DBLP:conf/acl/DasZRM17,
  title        = {Question Answering on Knowledge Bases and Text using Universal Schema and Memory Networks},
  author       = {Rajarshi Das and Manzil Zaheer and Siva Reddy and Andrew McCallum},
  year         = 2017,
  booktitle    = {Proceedings of the 55th Annual Meeting of the Association for Computational Linguistics, {ACL} 2017, Vancouver, Canada, July 30 - August 4, Volume 2: Short Papers},
  pages        = {358--365},
  doi          = {10.18653/v1/P17-2057},
  url          = {https://doi.org/10.18653/v1/P17-2057},
  timestamp    = {Fri, 04 Aug 2017 16:38:24 +0200},
  biburl       = {https://dblp.org/rec/bib/conf/acl/DasZRM17},
  bibsource    = {dblp computer science bibliography, https://dblp.org}
}
@inproceedings{DBLP:conf/emnlp/SunDZMSC18,
  title        = {Open Domain Question Answering Using Early Fusion of Knowledge Bases and Text},
  author       = {Haitian Sun and Bhuwan Dhingra and Manzil Zaheer and Kathryn Mazaitis and Ruslan Salakhutdinov and William W. Cohen},
  year         = 2018,
  booktitle    = {Proceedings of the 2018 Conference on Empirical Methods in Natural Language Processing, Brussels, Belgium, October 31 - November 4, 2018},
  pages        = {4231--4242},
  url          = {https://aclanthology.info/papers/D18-1455/d18-1455},
  timestamp    = {Sat, 27 Oct 2018 20:04:50 +0200},
  biburl       = {https://dblp.org/rec/bib/conf/emnlp/SunDZMSC18},
  bibsource    = {dblp computer science bibliography, https://dblp.org}
}
@article{DBLP:journals/corr/WestonBCM15,
  title        = {Towards AI-Complete Question Answering: {A} Set of Prerequisite Toy Tasks},
  author       = {Jason Weston and Antoine Bordes and Sumit Chopra and Tomas Mikolov},
  year         = 2015,
  journal      = {CoRR},
  volume       = {abs/1502.05698},
  url          = {http://arxiv.org/abs/1502.05698},
  archiveprefix = {arXiv},
  eprint       = {1502.05698},
  timestamp    = {Mon, 13 Aug 2018 16:47:58 +0200},
  biburl       = {https://dblp.org/rec/bib/journals/corr/WestonBCM15},
  bibsource    = {dblp computer science bibliography, https://dblp.org}
}
@inproceedings{DBLP:conf/cikm/JiaARSW18,
  title        = {{TEQUILA:} Temporal Question Answering over Knowledge Bases},
  author       = {Zhen Jia and Abdalghani Abujabal and Rishiraj Saha Roy and Jannik Str{\"{o}}tgen and Gerhard Weikum},
  year         = 2018,
  booktitle    = {Proceedings of the 27th {ACM} International Conference on Information and Knowledge Management, {CIKM} 2018, Torino, Italy, October 22-26, 2018},
  pages        = {1807--1810},
  doi          = {10.1145/3269206.3269247},
  url          = {https://doi.org/10.1145/3269206.3269247},
  timestamp    = {Wed, 21 Nov 2018 12:44:15 +0100},
  biburl       = {https://dblp.org/rec/bib/conf/cikm/JiaARSW18},
  bibsource    = {dblp computer science bibliography, https://dblp.org}
}
@inproceedings{DBLP:conf/kdd/SarawagiC14,
  title        = {Open-domain quantity queries on web tables: annotation, response, and consensus models},
  author       = {Sunita Sarawagi and Soumen Chakrabarti},
  year         = 2014,
  booktitle    = {The 20th {ACM} {SIGKDD} International Conference on Knowledge Discovery and Data Mining, {KDD} '14, New York, NY, {USA} - August 24 - 27, 2014},
  pages        = {711--720},
  doi          = {10.1145/2623330.2623749},
  url          = {https://doi.org/10.1145/2623330.2623749},
  timestamp    = {Tue, 06 Nov 2018 16:59:35 +0100},
  biburl       = {https://dblp.org/rec/bib/conf/kdd/SarawagiC14},
  bibsource    = {dblp computer science bibliography, https://dblp.org}
}
@article{DBLP:journals/pvldb/PimplikarS12,
  title        = {Answering Table Queries on the Web using Column Keywords},
  author       = {Rakesh Pimplikar and Sunita Sarawagi},
  year         = 2012,
  journal      = {{PVLDB}},
  volume       = 5,
  number       = 10,
  pages        = {908--919},
  doi          = {10.14778/2336664.2336665},
  url          = {http://vldb.org/pvldb/vol5/p908\_rakeshpimplikar\_vldb2012.pdf},
  timestamp    = {Thu, 16 Aug 2018 11:33:44 +0200},
  biburl       = {https://dblp.org/rec/bib/journals/pvldb/PimplikarS12},
  bibsource    = {dblp computer science bibliography, https://dblp.org}
}
@article{DBLP:journals/semweb/Ferre17,
  title        = {Sparklis: An expressive query builder for {SPARQL} endpoints with guidance in natural language},
  author       = {S{\'{e}}bastien Ferr{\'{e}}},
  year         = 2017,
  journal      = {Semantic Web},
  volume       = 8,
  number       = 3,
  pages        = {405--418},
  doi          = {10.3233/SW-150208},
  url          = {https://doi.org/10.3233/SW-150208},
  timestamp    = {Sat, 20 May 2017 00:22:18 +0200},
  biburl       = {https://dblp.org/rec/bib/journals/semweb/Ferre17},
  bibsource    = {dblp computer science bibliography, https://dblp.org}
}
@article{DBLP:journals/ftir/Zhai08,
  title        = {Statistical Language Models for Information Retrieval: {A} Critical Review},
  author       = {ChengXiang Zhai},
  year         = 2008,
  journal      = {Foundations and Trends in Information Retrieval},
  volume       = 2,
  number       = 3,
  pages        = {137--213},
  doi          = {10.1561/1500000008},
  url          = {https://doi.org/10.1561/1500000008},
  timestamp    = {Sat, 27 May 2017 14:22:53 +0200},
  biburl       = {https://dblp.org/rec/bib/journals/ftir/Zhai08},
  bibsource    = {dblp computer science bibliography, https://dblp.org}
}
@misc{nyt,
  title        = {The New York Times Annotated Corpus},
  author       = {Evan Sandhaus},
  year         = 2008
}
@inproceedings{DBLP:conf/emnlp/PenningtonSM14,
  title        = {Glove: Global Vectors for Word Representation},
  author       = {Jeffrey Pennington and Richard Socher and Christopher D. Manning},
  year         = 2014,
  booktitle    = {Proceedings of the 2014 Conference on Empirical Methods in Natural Language Processing, {EMNLP} 2014, October 25-29, 2014, Doha, Qatar, {A} meeting of SIGDAT, a Special Interest Group of the {ACL}},
  pages        = {1532--1543},
  url          = {http://aclweb.org/anthology/D/D14/D14-1162.pdf},
  timestamp    = {Sat, 15 Nov 2014 14:45:18 +0100},
  biburl       = {https://dblp.org/rec/bib/conf/emnlp/PenningtonSM14},
  bibsource    = {dblp computer science bibliography, https://dblp.org}
}
@inproceedings{DBLP:conf/www/DiefenbachMQLSM19,
  title        = {QAnswer: {A} Question Answering prototype bridging the gap between a considerable part of the {LOD} cloud and end-users},
  author       = {Dennis Diefenbach and Pedro Henrique Migliatti and Omar Qawasmeh and Vincent Lully and Kamal Singh and Pierre Maret},
  year         = 2019,
  booktitle    = {The World Wide Web Conference, {WWW} 2019, San Francisco, CA, USA, May 13-17, 2019},
  pages        = {3507--3510},
  doi          = {10.1145/3308558.3314124},
  url          = {https://doi.org/10.1145/3308558.3314124},
  timestamp    = {Sun, 02 Jun 2019 21:15:59 +0200},
  biburl       = {https://dblp.org/rec/bib/conf/www/DiefenbachMQLSM19},
  bibsource    = {dblp computer science bibliography, https://dblp.org}
}
@inproceedings{DBLP:conf/esws/DubeyDSHL16,
  title        = {AskNow: {A} Framework for Natural Language Query Formalization in {SPARQL}},
  author       = {Mohnish Dubey and Sourish Dasgupta and Ankit Sharma and Konrad H{\"{o}}ffner and Jens Lehmann},
  year         = 2016,
  booktitle    = {The Semantic Web. Latest Advances and New Domains - 13th International Conference, {ESWC} 2016, Heraklion, Crete, Greece, May 29 - June 2, 2016, Proceedings},
  pages        = {300--316},
  doi          = {10.1007/978-3-319-34129-3\_19},
  url          = {https://doi.org/10.1007/978-3-319-34129-3\_19},
  timestamp    = {Tue, 14 May 2019 10:00:44 +0200},
  biburl       = {https://dblp.org/rec/bib/conf/esws/DubeyDSHL16},
  bibsource    = {dblp computer science bibliography, https://dblp.org}
}
@inproceedings{DBLP:conf/www/SinghRBSLUVKP0V18,
  title        = {Why Reinvent the Wheel: Let's Build Question Answering Systems Together},
  author       = {Kuldeep Singh and Arun Sethupat Radhakrishna and Andreas Both and Saeedeh Shekarpour and Ioanna Lytra and Ricardo Usbeck and Akhilesh Vyas and Akmal Khikmatullaev and Dharmen Punjani and Christoph Lange and Maria{-}Esther Vidal and Jens Lehmann and S{\"{o}}ren Auer},
  year         = 2018,
  booktitle    = {Proceedings of the 2018 World Wide Web Conference on World Wide Web, {WWW} 2018, Lyon, France, April 23-27, 2018},
  pages        = {1247--1256},
  doi          = {10.1145/3178876.3186023},
  url          = {https://doi.org/10.1145/3178876.3186023},
  timestamp    = {Wed, 30 Jan 2019 11:05:26 +0100},
  biburl       = {https://dblp.org/rec/bib/conf/www/SinghRBSLUVKP0V18},
  bibsource    = {dblp computer science bibliography, https://dblp.org}
}
@inproceedings{DBLP:conf/emnlp/AbujabalRYW17,
  title        = {{QUINT:} Interpretable Question Answering over Knowledge Bases},
  author       = {Abdalghani Abujabal and Rishiraj Saha Roy and Mohamed Yahya and Gerhard Weikum},
  year         = 2017,
  booktitle    = {Proceedings of the 2017 Conference on Empirical Methods in Natural Language Processing, {EMNLP} 2017, Copenhagen, Denmark, September 9-11, 2017 - System Demonstrations},
  pages        = {61--66},
  url          = {https://aclanthology.info/papers/D17-2011/d17-2011},
  timestamp    = {Wed, 17 Jan 2018 15:46:06 +0100},
  biburl       = {https://dblp.org/rec/bib/conf/emnlp/AbujabalRYW17},
  bibsource    = {dblp computer science bibliography, https://dblp.org}
}
@inproceedings{DBLP:conf/esws/TanonACS18,
  title        = {Demoing Platypus - {A} Multilingual Question Answering Platform for Wikidata},
  author       = {Thomas Pellissier Tanon and Marcos Dias de Assun{\c{c}}{\~{a}}o and Eddy Caron and Fabian M. Suchanek},
  year         = 2018,
  booktitle    = {The Semantic Web: {ESWC} 2018 Satellite Events - {ESWC} 2018 Satellite Events, Heraklion, Crete, Greece, June 3-7, 2018, Revised Selected Papers},
  pages        = {111--116},
  doi          = {10.1007/978-3-319-98192-5\_21},
  url          = {https://doi.org/10.1007/978-3-319-98192-5\_21},
  timestamp    = {Sun, 02 Jun 2019 21:24:14 +0200},
  biburl       = {https://dblp.org/rec/bib/conf/esws/TanonACS18},
  bibsource    = {dblp computer science bibliography, https://dblp.org}
}

@inproceedings{DBLP:conf/rweb/BastS18,
	author    = {Hannah Bast and
	Niklas Schnelle},
	title     = {Efficient and Convenient SPARQL+Text Search: {A} Quick Survey},
	booktitle = {Reasoning Web. Learning, Uncertainty, Streaming, and Scalability -
	14th International Summer School 2018, Esch-sur-Alzette, Luxembourg,
	September 22-26, 2018, Tutorial Lectures},
	pages     = {26--34},
	year      = {2018},
}

@inproceedings{DBLP:conf/ecir/GarigliottiB18,
	author    = {Dar{\'{\i}}o Garigliotti and
	Krisztian Balog},
	title     = {Towards an Understanding of Entity-Oriented Search Intents},
	booktitle = {Advances in Information Retrieval - 40th European Conference on {IR}
	Research, {ECIR} 2018, Grenoble, France, March 26-29, 2018, Proceedings},
	year      = {2018},
}

@article{DBLP:journals/ftir/BastBH16,
	author    = {Hannah Bast and
	Bj{\"{o}}rn Buchhold and
	Elmar Haussmann},
	title     = {Semantic Search on Text and Knowledge Bases},
	journal   = {Foundations and Trends in Information Retrieval},
	volume    = {10},
	number    = {2-3},
	year      = {2016},
}
